<?xml version="1.0" encoding="UTF-8"?><collection xmlns="http://www.loc.gov/MARC21/slim"><record><leader>00548nam--2200217-u-4500</leader><controlfield tag="001">000050440</controlfield><controlfield tag="002">20161230</controlfield><controlfield tag="003">81833</controlfield><controlfield tag="005">20161230201048</controlfield><controlfield tag="008">070322s1000------------r-----000-0-eng-d</controlfield><datafield ind1=" " ind2=" " tag="020"><subfield code="a">3-540-20493-8</subfield></datafield><datafield ind1=" " ind2=" " tag="040"><subfield code="a">IFIN-HH</subfield></datafield><datafield ind1=" " ind2=" " tag="041"><subfield code="a">eng</subfield></datafield><datafield ind1="1" ind2=" " tag="100"><subfield code="a">Gallot,Sylvester., Hulin,Dominique., Lafontaine,Jacques</subfield></datafield><datafield ind1="1" ind2="0" tag="245"><subfield code="a">Riemanian Geometry</subfield></datafield><datafield ind1=" " ind2=" " tag="250"><subfield code="a">Third Edition</subfield></datafield><datafield ind1=" " ind2=" " tag="260"><subfield code="a">Berlin</subfield><subfield code="b">Springer-Verlag</subfield><subfield code="c">2004</subfield></datafield><datafield ind1=" " ind2=" " tag="300"><subfield code="a">322 p</subfield></datafield><datafield ind1=" " ind2="4" tag="650"><subfield code="a">Riemanian Metrics</subfield></datafield><datafield ind1=" " ind2=" " tag="852"><subfield code="a">81833</subfield><subfield code="c">513.73</subfield></datafield><datafield ind1=" " ind2=" " tag="CAT"><subfield code="a">Sys</subfield><subfield code="c">20080924</subfield><subfield code="h">092438</subfield></datafield></record></collection>